@Manual{software-r,
    title = {R: A Language and Environment for Statistical Computing},
    author = {{R Core Team}},
    organization = {R Foundation for Statistical Computing},
    address = {Vienna, Austria},
    year = {2018},
    url = {https://www.R-project.org/},
  }


@article{harvey,
  title={Multivariate stochastic variance models},
  author={Harvey, Andrew and Ruiz, Esther and Shephard, Neil},
  journal={The Review of Economic Studies},
  volume={61},
  number={2},
  pages={247--264},
  year={1994},
  publisher={Wiley-Blackwell}
}

@article{caio,
  title={Valor em Risco (VaR) utilizando modelos de previs{\~a}o de volatilidade: EWMA, GARCH e Volatilidade Estoc{\'a}stica},
  author={Caio Galdi, Fernando and Molero Pereira, Leonel},
  journal={BBR-Brazilian Business Review},
  volume={4},
  number={1},
  year={2007},
  publisher={FUCAPE Business School}
}


@article{sv,
  title={Dealing with stochastic volatility in time series using the R package stochvol},
  author={Kastner, Gregor},
  journal={Journal of Statistical software},
  volume={69},
  number={5},
  pages={1--30},
  year={2016},
  publisher={Foundation for Open Access Statistics}
}
